@article{ han2015corporate,
  title = "Corporate taxes and securitization",
  author = "Han, JoongHo and Park, Kwangwoo and Pennacchi, George",
  journal = "The Journal of Finance",
  volume = "70",
  number = "3",
  pages = "1287--1321",
  year = "2015",
  publisher = "Wiley Online Library" }